@inproceedings{reshetov2009morphological,
    title={Morphological antialiasing},
    author={Reshetov, Alexander},
    booktitle={Proceedings of the Conference on High Performance Graphics 2009},
    pages={109--116},
    year={2009},
    organization={ACM}
}
@article{JIMENEZ2012_SMAA,
    author = {Jorge Jimenez and Jose I. Echevarria and Tiago Sousa and Diego Gutierrez},
    title = {SMAA: Enhanced Morphological Antialiasing},
    journal = {Computer Graphics Forum (Proc. EUROGRAPHICS 2012)},
    year = {2012},
    volume = {31},
    number = {2},
}
@inproceedings{SIGGRAPH11_AACOURSE,
    author = {Jorge Jimenez and Diego Gutierrez and Jason Yang and Alexander Reshetov and Pete Demoreuille and Tobias Berghoff and Cedric Perthuis and Henry Yu and Morgan McGuire and Timothy Lottes and Hugh Malan and Emil Persson and Dmitry Andreev and Tiago Sousa},
    title = {Filtering Approaches for Real-Time Anti-Aliasing},
    booktitle = {ACM SIGGRAPH Courses},
    year = {2011},
}
@article{Whitted:1980:IIM:358876.358882,
    author = {Whitted, Turner},
    title = {An improved illumination model for shaded display},
    journal = {Commun. ACM},
    issue_date = {June 1980},
    volume = {23},
    number = {6},
    month = jun,
    year = {1980},
    issn = {0001-0782},
    pages = {343--349},
    numpages = {7},
    url = {http://doi.acm.org/10.1145/358876.358882},
    doi = {10.1145/358876.358882},
    acmid = {358882},
    publisher = {ACM},
    address = {New York, NY, USA},
    keywords = {computer animation, computer graphics, raster displays, shading, visible surface algorithms},
}
@inproceedings{genetti1998adaptive,
    title={Adaptive supersampling in object space using pyramidal rays},
    author={Genetti, Jon and Gordon, Dan and Williams, Glen},
    booktitle={Computer Graphics Forum},
    volume={17},
    number={1},
    pages={29--54},
    year={1998},
    organization={Wiley Online Library},
}
@inproceedings{amanatides1984ray,
  title={Ray tracing with cones},
  author={Amanatides, John},
  booktitle={ACM SIGGRAPH Computer Graphics},
  volume={18},
  number={3},
  pages={129--135},
  year={1984},
  organization={ACM}
}
@inproceedings{heckbert1984beam,
  title={Beam tracing polygonal objects},
  author={Heckbert, Paul S and Hanrahan, Pat},
  booktitle={ACM SIGGRAPH Computer Graphics},
  volume={18},
  number={3},
  pages={119--127},
  year={1984},
  organization={ACM}
}
@inproceedings{tomasi1998bilateral,
  title={Bilateral filtering for gray and color images},
  author={Tomasi, Carlo and Manduchi, Roberto},
  booktitle={Computer Vision, 1998. Sixth International Conference on},
  pages={839--846},
  year={1998},
  organization={IEEE}
}
@article{elad2002origin,
  title={On the origin of the bilateral filter and ways to improve it},
  author={Elad, Michael},
  journal={Image Processing, IEEE Transactions on},
  volume={11},
  number={10},
  pages={1141--1151},
  year={2002},
  publisher={IEEE}
}
@article{kopf2007joint,
  title={Joint bilateral upsampling},
  author={Kopf, Johannes and Cohen, Michael F and Lischinski, Dani and Uyttendaele, Matt},
  journal={ACM Transactions on Graphics},
  volume={26},
  number={3},
  pages={96},
  year={2007},
  publisher={ACM ASSOCIATION FOR COMPUTING MACHINERY}
}
@inproceedings{Sen:2004:SilmapTex,
    author = {Pradeep Sen},
    title = {Silhouette Maps for Improved Texture Magnification},
    booktitle = {Proceedings of the ACM SIGGRAPH/EUROGRAPHICS Conference on Graphics Hardware},
    year = {2004},
    month = {August},
    location = {Grenoble, France},
    publisher = {Eurographics Association},
}
@article{Hollander2013Antialiasing,
   author  = {Matthias Holl\"{a}nder and Tamy Boubekeur and Elmar Eisemann},
   title   = {Adaptive Supersampling for Deferred Anti-Aliasing},  
   year    = {2013},
   month   = {March},
   day     = {02},
   journal = {Journal of Computer Graphics Techniques (JCGT)},
   volume  = {2},
   number  = {1},
   pages   = {1--14},
   url     = {http://jcgt.org/published/0002/01/01/}
}
@inbook{JIMENEZ2011_GPUPRO2a,
    author = {Jorge Jimenez and Belen Masia and Jose I. Echevarria and Fernando Navarro and Diego Gutierrez},
    editor = {Wolfgang Engel},
    title = {{GPU} Pro 2},
    chapter = {Practical Morphological Anti-Aliasing},
    publisher = {{AK} Peters Ltd.},
    year = {2011},
}
@article{journals/cgf/BanterleCCS12,
  author = {Banterle, Francesco and Corsini, Massimiliano and Cignoni, Paolo and Scopigno, Roberto},
  biburl = {http://www.bibsonomy.org/bibtex/20fac332f52c77101059c6105868eecfe/dblp},
  ee = {http://dx.doi.org/10.1111/j.1467-8659.2011.02078.x},
  interhash = {07bdafcbaf95a6ff4639c90d3f5eee40},
  intrahash = {0fac332f52c77101059c6105868eecfe},
  journal = {Comput. Graph. Forum},
  keywords = {dblp},
  number = {1},
  pages = {19-32},
  timestamp = {2012-03-12T00:00:00.000+0100},
  title = {A Low-Memory, Straightforward and Fast Bilateral Filter Through Subsampling in Spatial Domain.},
  url = {http://dblp.uni-trier.de/db/journals/cgf/cgf31.html#BanterleCCS12},
  volume = 31,
  year = {2012},
}
@ cycles with fastarticle{Weiler:1977:HSR:965141.563896,
 author = {Weiler, Kevin and Atherton, Peter},
 title = {Hidden surface removal using polygon area sorting},
 journal = {SIGGRAPH Comput. Graph.},
 issue_date = {Summer 1977},
 volume = {11},
 number = {2},
 month = jul,
 year = {1977},
 issn = {0097-8930},
 pages = {214--222},
 numpages = {9},
 url = {http://doi.acm.org/10.1145/965141.563896},
 doi = {10.1145/965141.563896},
 acmid = {563896},
 publisher = {ACM},
 address = {New York, NY, USA},
 keywords = {graphics, hidden line removal, hidden surface removal, polygon area sorting, polygon clipping, shadowing},
} 


Wikipedia
https://en.wikipedia.org/wiki/Agile_software_development

https://en.wikipedia.org/wiki/Scrum_(development)

http://scrummethodology.com/scrum-sprint/
http://scrumtrainingseries.com/Intel-case-study.pdf
http://scrumreferencecard.com/ScrumReferenceCard.pdf
http://en.wikipedia.org/wiki/Planning_poker
